@book {atiyah,
    AUTHOR = {Atiyah, M. F. and Macdonald, I. G.},
     TITLE = {Introduction to commutative algebra},
 PUBLISHER = {Addison-Wesley Publishing Co., Reading, Mass.-London-Don
              Mills, Ont.},
      YEAR = {1969},
     PAGES = {ix+128},
   MRCLASS = {13.00},
  MRNUMBER = {0242802},
MRREVIEWER = {J. A. Johnson},
}

@book {baues,
    AUTHOR = {Baues, Hans J.},
     TITLE = {Obstruction theory on homotopy classification of maps},
    SERIES = {Lecture Notes in Mathematics, Vol. 628},
 PUBLISHER = {Springer-Verlag, Berlin-New York},
      YEAR = {1977},
     PAGES = {xi+387},
      ISBN = {3-540-08534-3},
   MRCLASS = {55G35},
  MRNUMBER = {0467748},
MRREVIEWER = {Donald M. Davis},
}

@book {cox,
    AUTHOR = {Cox, David A. and Little, John and O'Shea, Donal},
     TITLE = {Ideals, varieties, and algorithms},
    SERIES = {Undergraduate Texts in Mathematics},
   EDITION = {Fourth},
      NOTE = {An introduction to computational algebraic geometry and
              commutative algebra},
 PUBLISHER = {Springer, Cham},
      YEAR = {2015},
     PAGES = {xvi+646},
      ISBN = {978-3-319-16720-6},
   MRCLASS = {13P10 (13-01 14-01 14Qxx 68W30)},
  MRNUMBER = {3330490},
       DOI = {10.1007/978-3-319-16721-3},
       URL = {https://doi-org.ezproxybib.pucp.edu.pe/10.1007/978-3-319-16721-3},
}

@book {ebeling,
    AUTHOR = {Ebeling, Wolfgang},
     TITLE = {Functions of several complex variables and their
              singularities},
    SERIES = {Graduate Studies in Mathematics},
    VOLUME = {83},
      NOTE = {Translated from the 2001 German original by Philip G. Spain},
 PUBLISHER = {American Mathematical Society, Providence, RI},
      YEAR = {2007},
     PAGES = {xviii+312},
      ISBN = {0-8218-3319-7},
   MRCLASS = {32-01 (32S10 32S55 58K40 58K60)},
  MRNUMBER = {2319634},
       DOI = {10.1090/gsm/083},
       URL = {https://doi-org.ezproxybib.pucp.edu.pe/10.1090/gsm/083},
}

@book {fulton,
    AUTHOR = {Fulton, William},
     TITLE = {Intersection theory},
    SERIES = {Ergebnisse der Mathematik und ihrer Grenzgebiete (3) [Results
              in Mathematics and Related Areas (3)]},
    VOLUME = {2},
 PUBLISHER = {Springer-Verlag, Berlin},
      YEAR = {1984},
     PAGES = {xi+470},
      ISBN = {3-540-12176-5},
   MRCLASS = {14C17 (14-02 14C40)},
  MRNUMBER = {732620},
MRREVIEWER = {Werner Kleinert},
       DOI = {10.1007/978-3-662-02421-8},
       URL = {https://doi-org.ezproxybib.pucp.edu.pe/10.1007/978-3-662-02421-8},
}

@article {grothendieck,
    AUTHOR = {Grothendieck, Alexander},
     TITLE = {La th\'{e}orie des classes de {C}hern},
   JOURNAL = {Bull. Soc. Math. France},
  FJOURNAL = {Bulletin de la Soci\'{e}t\'{e} Math\'{e}matique de France},
    VOLUME = {86},
      YEAR = {1958},
     PAGES = {137--154},
      ISSN = {0037-9484},
   MRCLASS = {14.00},
  MRNUMBER = {116023},
MRREVIEWER = {R. Bott},
       URL = {http://www.numdam.org/item?id=BSMF_1958__86__137_0},
}

@book {gunning,
    AUTHOR = {Gunning, Robert C. and Rossi, Hugo},
     TITLE = {Analytic functions of several complex variables},
      NOTE = {Reprint of the 1965 original},
 PUBLISHER = {AMS Chelsea Publishing, Providence, RI},
      YEAR = {2009},
     PAGES = {xiv+318},
      ISBN = {978-0-8218-2165-7},
   MRCLASS = {32-01},
  MRNUMBER = {2568219},
       DOI = {10.1090/chel/368},
       URL = {https://doi-org.ezproxybib.pucp.edu.pe/10.1090/chel/368},
}

@book {hartshorne,
    AUTHOR = {Hartshorne, Robin},
     TITLE = {Algebraic geometry},
      NOTE = {Graduate Texts in Mathematics, No. 52},
 PUBLISHER = {Springer-Verlag, New York-Heidelberg},
      YEAR = {1977},
     PAGES = {xvi+496},
      ISBN = {0-387-90244-9},
   MRCLASS = {14-01},
  MRNUMBER = {0463157},
MRREVIEWER = {Robert Speiser},
}

@book {hatcher1,
    AUTHOR = {Hatcher, Allen},
     TITLE = {Algebraic topology},
 PUBLISHER = {Cambridge University Press, Cambridge},
      YEAR = {2002},
     PAGES = {xii+544},
      ISBN = {0-521-79160-X},
   MRCLASS = {55-01 (55-00)},
  MRNUMBER = {1867354},
MRREVIEWER = {Donald W. Kahn},
}

@book {hatcher2,
  added-at  = {2010-10-02T18:22:22.000+0200},
  author    = {Hatcher, Allen},
  biburl    = {https://www.bibsonomy.org/bibtex/26d4346763566a8c8da54e846032917d5/brouder},
  note      = {https://pi.math.cornell.edu/\~{}hatcher/},
  timestamp = {2010-10-02T18:22:26.000+0200},
  title     = {Vector Bundles and K-Theory},
  year      = 2003
}

@book {huybrechts,
    AUTHOR = {Huybrechts, Daniel},
     TITLE = {Complex geometry},
    SERIES = {Universitext},
      NOTE = {An introduction},
 PUBLISHER = {Springer-Verlag, Berlin},
      YEAR = {2005},
     PAGES = {xii+309},
      ISBN = {3-540-21290-6},
   MRCLASS = {32Qxx (14-01 32-01 32G05 32J25 53C55 53C56)},
  MRNUMBER = {2093043},
MRREVIEWER = {Richard P. Thomas},
}

@book {lang,
    AUTHOR = {Lang, Serge},
     TITLE = {Algebra},
    SERIES = {Graduate Texts in Mathematics},
    VOLUME = {211},
   EDITION = {third},
 PUBLISHER = {Springer-Verlag, New York},
      YEAR = {2002},
     PAGES = {xvi+914},
      ISBN = {0-387-95385-X},
   MRCLASS = {00A05 (15-02)},
  MRNUMBER = {1878556},
       DOI = {10.1007/978-1-4613-0041-0},
       URL = {https://doi-org.ezproxybib.pucp.edu.pe/10.1007/978-1-4613-0041-0},
}

@book {lee1,
    AUTHOR = {Lee, Jeffrey M.},
     TITLE = {Manifolds and differential geometry},
    SERIES = {Graduate Studies in Mathematics},
    VOLUME = {107},
 PUBLISHER = {American Mathematical Society, Providence, RI},
      YEAR = {2009},
     PAGES = {xiv+671},
      ISBN = {978-0-8218-4815-9},
   MRCLASS = {53-01 (58-01)},
  MRNUMBER = {2572292},
MRREVIEWER = {Richard H. Escobales, Jr.},
       DOI = {10.1090/gsm/107},
       URL = {https://doi-org.ezproxybib.pucp.edu.pe/10.1090/gsm/107},
}

@book {lee2,
    AUTHOR = {Lee, John M.},
     TITLE = {Introduction to smooth manifolds},
    SERIES = {Graduate Texts in Mathematics},
    VOLUME = {218},
   EDITION = {Second},
 PUBLISHER = {Springer, New York},
      YEAR = {2013},
     PAGES = {xvi+708},
      ISBN = {978-1-4419-9981-8},
   MRCLASS = {58-01 (53-01 57-01)},
  MRNUMBER = {2954043},
}

@book {lins-neto,
    AUTHOR = {Lins Neto, Alcides and Sc\'{a}rdua, Bruno},
     TITLE = {Folhea\c{c}\~{o}es alg\'{e}bricas complexas},
    SERIES = {Projeto Euclides. [Euclid Project]},
 PUBLISHER = {Instituto de Matem\'{a}tica Pura e Aplicada (IMPA), Rio de
              Janeiro},
      YEAR = {2015},
     PAGES = {iii+316},
      ISBN = {978-85-244-0415-3},
   MRCLASS = {32-02 (32S65 37F75)},
  MRNUMBER = {3793152},
MRREVIEWER = {Nuria Corral},
}

@article {manivel,
    AUTHOR = {Manivel, Laurent},
     TITLE = {Chern classes of tensor products},
   JOURNAL = {Internat. J. Math.},
  FJOURNAL = {International Journal of Mathematics},
    VOLUME = {27},
      YEAR = {2016},
    NUMBER = {10},
     PAGES = {1650079, 10},
      ISSN = {0129-167X},
   MRCLASS = {14C17 (05E05 55R40 57R20)},
  MRNUMBER = {3554454},
MRREVIEWER = {Paolo Aluffi},
       DOI = {10.1142/S0129167X16500798},
       URL = {https://doi-org.ezproxybib.pucp.edu.pe/10.1142/S0129167X16500798},
}

@book {matsumura,
    AUTHOR = {Matsumura, Hideyuki},
     TITLE = {Commutative ring theory},
    SERIES = {Cambridge Studies in Advanced Mathematics},
    VOLUME = {8},
   EDITION = {Second},
      NOTE = {Translated from the Japanese by M. Reid},
 PUBLISHER = {Cambridge University Press, Cambridge},
      YEAR = {1989},
     PAGES = {xiv+320},
      ISBN = {0-521-36764-6},
   MRCLASS = {13-01},
  MRNUMBER = {1011461},
}

@book {milnor1,
    AUTHOR = {Milnor, John W.},
     TITLE = {Topology from the differentiable viewpoint},
    SERIES = {Princeton Landmarks in Mathematics},
      NOTE = {Based on notes by David W. Weaver,
              Revised reprint of the 1965 original},
 PUBLISHER = {Princeton University Press, Princeton, NJ},
      YEAR = {1997},
     PAGES = {xii+64},
      ISBN = {0-691-04833-9},
   MRCLASS = {57Rxx},
  MRNUMBER = {1487640},
}

@book {milnor2,
    AUTHOR = {Milnor, John},
     TITLE = {Singular points of complex hypersurfaces},
    SERIES = {Annals of Mathematics Studies, No. 61},
 PUBLISHER = {Princeton University Press, Princeton, N.J.; University of
              Tokyo Press, Tokyo},
      YEAR = {1968},
     PAGES = {iii+122},
   MRCLASS = {57.20 (14.00)},
  MRNUMBER = {0239612},
MRREVIEWER = {J. P. Levine},
}

@book {milnor3,
    AUTHOR = {Milnor, John W. and Stasheff, James D.},
     TITLE = {Characteristic classes.},
    SERIES = {},
 PUBLISHER = {Princeton University Press, Princeton, N. J.; University of
              Tokyo Press,
 Tokyo,, },
      YEAR = {1974},
     PAGES = {vii+331},
   MRCLASS = {57-01 (55-02 55F40 57D20)},
  MRNUMBER = {440554},
MRREVIEWER = {F.\ Hirzebruch},
}

@book {soares,
    AUTHOR = {Soares, Marcio G. and Mol, Rog\'{e}rio S.},
     TITLE = {\'{I}ndices de campos holomorfos e aplica\c{c}\~{o}es},
    SERIES = {Publica\c{c}\~{o}es Matem\'{a}ticas do IMPA. [IMPA Mathematical
              Publications]},
      NOTE = {23${^{{}}{\rm{o}}}$ Col\'{o}quio Brasileiro de Matem\'{a}tica. [23rd
              Brazilian Mathematics Colloquium]},
 PUBLISHER = {Instituto de Matem\'{a}tica Pura e Aplicada (IMPA), Rio de
              Janeiro},
      YEAR = {2001},
     PAGES = {viii+197},
      ISBN = {85-244-0177-X},
   MRCLASS = {32S65},
  MRNUMBER = {1850950},
MRREVIEWER = {Frank Loray},
}

@book {steenrod,
    AUTHOR = {Steenrod, Norman},
     TITLE = {The topology of fibre bundles},
    SERIES = {Princeton Landmarks in Mathematics},
      NOTE = {Reprint of the 1957 edition,
              Princeton Paperbacks},
 PUBLISHER = {Princeton University Press, Princeton, NJ},
      YEAR = {1999},
     PAGES = {viii+229},
      ISBN = {0-691-00548-6},
   MRCLASS = {55-02 (01A75 55Rxx)},
  MRNUMBER = {1688579},
}

@article {szilagy,
    AUTHOR = {Szil\'{a}gyi, Zsolt},
     TITLE = {On {C}hern classes of the tensor product of vector bundles},
   JOURNAL = {Acta Univ. Sapientiae Math.},
  FJOURNAL = {Acta Universitatis Sapientiae. Mathematica. An International
              Scientific Journal of Sapientia University},
    VOLUME = {14},
      YEAR = {2022},
    NUMBER = {2},
     PAGES = {330--340},
      ISSN = {1844-6094},
   MRCLASS = {14C17 (05E05)},
  MRNUMBER = {4536004},
       DOI = {10.2478/ausm-2022-0022},
       URL = {https://doi-org.ezproxybib.pucp.edu.pe/10.2478/ausm-2022-0022},
}

@book {tu,
    AUTHOR = {Tu, Loring W.},
     TITLE = {Introductory lectures on equivariant cohomology},
    SERIES = {Annals of Mathematics Studies},
    VOLUME = {204},
      NOTE = {With appendices by Tu and Alberto Arabia},
 PUBLISHER = {Princeton University Press, Princeton, NJ},
      YEAR = {2020},
     PAGES = {xx+315},
      ISBN = {978-0-691-19175-1; 978-0-691-19174-4; 978-0-691-19748-7},
   MRCLASS = {55N91 (55P91)},
  MRNUMBER = {4205963},
MRREVIEWER = {No\'{e} B\'{a}rcenas Torres},
}

@book {warner,
    AUTHOR = {Warner, Frank W.},
     TITLE = {Foundations of differentiable manifolds and {L}ie groups},
    SERIES = {Graduate Texts in Mathematics},
    VOLUME = {94},
      NOTE = {Corrected reprint of the 1971 edition},
 PUBLISHER = {Springer-Verlag, New York-Berlin},
      YEAR = {1983},
     PAGES = {ix+272},
      ISBN = {0-387-90894-3},
   MRCLASS = {58-01 (22-01 53-01 57R99)},
  MRNUMBER = {722297},
}
